<record><leader>00000cas a22000007a 4500</leader><controlfield tag="001">13703631</controlfield><controlfield tag="008">860607d19081912iduwr ne      0    0eng d</controlfield><datafield ind1=" " ind2=" " tag="010"><subfield code="a">sn 86091485 </subfield></datafield><datafield ind1=" " ind2=" " tag="040"><subfield code="a">UNP</subfield><subfield code="b">eng</subfield><subfield code="c">UNP</subfield><subfield code="d">NVB</subfield><subfield code="d">OCLCQ</subfield></datafield><datafield ind1=" " ind2=" " tag="042"><subfield code="a">msc</subfield></datafield><datafield ind1="0" ind2=" " tag="130"><subfield code="a">Preston news (Preston, Idaho)</subfield></datafield><datafield ind1="1" ind2="0" tag="245"><subfield code="a">Preston news.</subfield></datafield><datafield ind1=" " ind2=" " tag="260"><subfield code="a">Preston, Idaho :</subfield><subfield code="b">J. Wallis,</subfield><subfield code="c">-1912.</subfield></datafield><datafield ind1=" " ind2=" " tag="300"><subfield code="a">v. :</subfield><subfield code="b">ill.</subfield></datafield><datafield ind1=" " ind2=" " tag="310"><subfield code="a">Weekly</subfield></datafield><datafield ind1="1" ind2=" " tag="362"><subfield code="a">Began in 1908.</subfield></datafield><datafield ind1="0" ind2=" " tag="362"><subfield code="a">-v. 17, no. 28 (Jan. 18, 1912).</subfield></datafield><datafield ind1=" " ind2=" " tag="588"><subfield code="a">Description based on: Vol. 16, no. 1 (June 30, 1910).</subfield></datafield><datafield ind1=" " ind2=" " tag="752"><subfield code="a">United States</subfield><subfield code="b">Idaho</subfield><subfield code="c">Franklin</subfield><subfield code="d">Preston.</subfield></datafield><datafield ind1="0" ind2="0" tag="780"><subfield code="a">Cache Valley news</subfield></datafield><datafield ind1="0" ind2="0" tag="785"><subfield code="t">Preston booster</subfield><subfield code="w">(DLC)sn 86091208</subfield><subfield code="w">(OCoLC)13302282</subfield></datafield><datafield ind1="1" ind2=" " tag="029"><subfield code="a">AU@</subfield><subfield code="b">000023526997</subfield></datafield></record>